@inproceedings{optuna,
  title     = {Optuna: A Next-generation Hyperparameter Optimization Framework},
  author    = {Takuya Akiba and Shotaro Sano and Toshihiko Yanase and Takeru Ohta and Masanori Koyama},
  booktitle = {Proceedings of the 25th ACM SIGKDD International Conference on Knowledge Discovery \& Data Mining},
  year      = {2019},
  pages     = {2623--2631},
  doi       = {10.1145/3292500.3330701}
}

@article{sam,
  title   = {Sharpness-Aware Minimization for Efficiently Improving Generalization},
  author  = {Pierre Foret and Ariel Kleiner and Hossein Mobahi and Behnam Neyshabur},
  journal = {arXiv preprint arXiv:2010.01412},
  year    = {2020}
}

@inproceedings{asam,
  title     = {ASAM: Adaptive Sharpness-Aware Minimization for Scale-Invariant Learning of Deep Neural Networks},
  author    = {Jungmin Kwon and Jeongseop Kim and Hyunseo Park and In Kwon Choi},
  booktitle = {Proceedings of the 38th International Conference on Machine Learning},
  series    = {Proceedings of Machine Learning Research},
  volume    = {139},
  pages     = {5905--5914},
  year      = {2021},
  publisher = {PMLR},
  url       = {https://proceedings.mlr.press/v139/kwon21b.html}
}

